@Book{knuth:84,
  author = 	 {Donald E. Knuth},
  title = 	 {The {\TeX} Book},
  publisher = 	 {Addison-Wesley},
  year = 	 {1984},
  edition = 	 {15th}
}
@article{article,
author = {Breu, Ruth and Combelles, Annie and Felderer, Michael},
year = {2014},
month = {01},
pages = {32-38},
title = {New Perspectives on Software Quality},
volume = {31},
journal = {Software, IEEE},
doi = {10.1109/MS.2014.9}
}
@misc{ UFPR:Vignatti,
    author = "André Vignatti",
    title = "P, NP e NP-Completo",
    year = "2018",
    howpublished = "\url{http://www.inf.ufpr.br/vignatti/courses/ci165/23.pdf}",
    note = "[Online; acesso em 10 de novembro de 2019]"
  }
  @book{kleinberg:2006,
    author = {Kleinberg, J. and Tardos, E.},
    title = {Algorithm Design},
    publisher = {Addison-Wesley},
    year = {2006},
    page = {464},
    edition = {2nd}   
}

% http://taurus.unicamp.br/bitstream/REPOSIP/275804/1/Oliveira_IgorCarboni_M.pdf
% https://en.wikipedia.org/wiki/Held%E2%80%93Karp_algorithm#Complexity

% Kleinberg, Jon; Tardos, Éva (2006). (2nd ed.). Addison-Wesley. p. 464