@Book{knuth:84,
  author = 	 {Donald E. Knuth},
  title = 	 {The {\TeX} Book},
  publisher = 	 {Addison-Wesley},
  year = 	 {1984},
  edition = 	 {15th}
}

@InCollection{boulic:91,
  author = 	 {R. Boulic and O. Renault},
  title = 	 {3D Hierarchies for Animation},
  booktitle = 	 {New Trends in Animation and Visualization},
  publisher =    {John Wiley {\&} Sons ltd.},
  year = 	 {1991},
  editor = 	 {Nadia Magnenat-Thalmann and Daniel Thalmann}
}

@book{stewart:2016,
    author = {J. Stewart},
    title = {Single variable calculus: Early transcendentals},
    publisher = {Boston, MA, USA: Cengage Learning},
    year = {2016},
    edition = {8th}
}
